@article{dyson2016,
  author  = {Ben Dyson and Graham Hodgson},
  title   = {Digital Cash: Why Central Banks Should Start Issuing Electronic Money},
  journal = {Positive Money},
  year    = {2016},
  note    = {\url{https://www.datocms-assets.com/132494/1717792148-digital-cash-positive-money.pdf}}
}

@inproceedings{grym2017,
  author    = {Aleksi Grym and Peter H{\"a}rding and Tuomas Kaariainen and Kristiina Manninen},
  title     = {Central Bank Digital Currency},
  booktitle = {BoF Economics Review},
  year      = {2017},
  publisher = {Bank of Finland},
  number    = {5},
  note      = {\url{https://www.bofbulletin.fi/en/2017/5/central-bank-digital-currency/}}
}

@article{bohme2015bitcoin,
  title={Bitcoin: Economics, technology, and governance},
  author={B{\"o}hme, Rainer and Christin, Nicolas and Edelman, Benjamin and Moore, Tyler},
  journal={Journal of Economic Perspectives},
  volume={29},
  number={2},
  pages={213--238},
  year={2015},
  publisher={American Economic Association},
  doi={10.1257/jep.29.2.213}
}

@techreport{barontini2020,
  title={Proceeding with caution--a survey on central bank digital currency},
  author={Barontini, Christian and Holden, Henry},
  number={101},
  institution={Bank for International Settlements},
  year={2019},
  type={BIS Papers},
  url={https://www.bis.org/publ/bppdf/bispap101.htm}
}

@article{narayana2016bitcoin,
  title={Bitcoin: A Primer for Policymakers},
  author={Narayana, Lakshmi},
  journal={RBI Occasional Papers},
  volume={37},
  number={2},
  pages={27--46},
  year={2016},
  publisher={Reserve Bank of India},
  url={https://rbidocs.rbi.org.in/rdocs/content/PDFs/02LNR2704201710E0E6F9F1D94B2D91F6D8BFA81A0FF3.PDF}
}

@book{narayanan2016bitcoin,
  title={Bitcoin and Cryptocurrency Technologies: A Comprehensive Introduction},
  author={Narayanan, Arvind and Bonneau, Joseph and Felten, Edward and Miller, Andrew and Goldfeder, Steven},
  year={2016},
  publisher={Princeton University Press}
}

@techreport{barontini2020,
  title={Proceeding with caution--a survey on central bank digital currency},
  author={Barontini, Christian and Holden, Henry},
  number={101},
  institution={Bank for International Settlements},
  year={2019},
  type={BIS Papers},
  url={https://www.bis.org/publ/bppdf/bispap101.htm}
}

@article{garratt2020,
  title={A new dawn for money? Digital currency design principles},
  author={Garratt, Rodney and Lee, Michael and Malone, Brendan and Martin, Antoine},
  journal={Federal Reserve Bank of New York Economic Policy Review},
  year={2020},
  url={https://www.newyorkfed.org/medialibrary/media/research/epr/2020/epr_2020_digital-currency-garratt.pdf}
}

@article{mancini2018,
  title={The technology of retail central bank digital currency},
  author={Mancini-Griffoli, Tommaso and Peria, Maria Soledad Martinez and Agur, Itai and Ari, Anil and Kiff, John and Popescu, Celine and Rochon, Anthony},
  journal={IMF Staff Discussion Note},
  number={SDN/18/03},
  year={2018},
  publisher={International Monetary Fund},
  url={https://www.imf.org/en/Publications/Staff-Discussion-Notes/Issues/2018/11/13/Central-Bank-Digital-Currencies-What-Are-their-Policy-Implications-46233}
}

@article{bains2022,
  title={Central Bank Digital Currency for India: Opportunities and Considerations},
  author={Bains, Ritika},
  journal={Observer Research Foundation (ORF) Issue Brief},
  number={541},
  year={2022},
  url={https://www.orfonline.org/research/central-bank-digital-currency-for-india}
}

@article{kumhof2015,
  title={The case for digital cash},
  author={Kumhof, Michael and Noone, Clare},
  journal={Bank of England Working Paper},
  number={605},
  year={2018},
  url={https://www.bankofengland.co.uk/working-paper/2018/the-case-for-digital-cash}
}

@article{boar2021,
  title={Ready, steady, go? Results of the third BIS survey on central bank digital currency},
  author={Boar, Codruta and Wehrli, Andreas},
  journal={BIS Papers},
  number={114},
  year={2021},
  url={https://www.bis.org/publ/bppdf/bispap114.htm}
}

@article{mengle2018,
  title={Central bank digital currency: Implications for monetary policy and financial stability},
  author={Mengle, David L.},
  journal={Global Financial Markets Center White Paper},
  year={2018},
  institution={Duke University School of Law},
  url={https://sites.law.duke.edu/thefinregblog/2020/09/30/central-bank-digital-currencies-implications-for-financial-stability-and-monetary-policy}
}

@article{auer2020,
  title={Rise of the central bank digital currencies: drivers, approaches and technologies},
  author={Auer, Raphael and Cornelli, Giulio and Frost, Jon},
  journal={BIS Working Papers},
  number={880},
  year={2020},
  url={https://www.bis.org/publ/work880.htm}
}

@techreport{rbi2023,
  title={UPI Monthly Statistics},
  author={Reserve Bank of India},
  year={2023},
  url={https://www.rbi.org.in/scripts/BS_ViewBulletin.aspx}
}

@article{agarwal2021,
  title={Designing a CBDC Framework for India},
  author={Agarwal, Radhika},
  journal={Economic and Political Weekly},
  year={2021},
  volume={56},
  number={12},
  pages={28--31}
}

@article{klein2020,
  title={Costs and Benefits of Cash and Cashless Transactions},
  author={Klein, Michael and Mayer, Thomas},
  journal={Policy Research Working Paper, World Bank},
  year={2020},
  url={https://documents.worldbank.org/en/publication/documents-reports/documentdetail/607631589829098006/costs-and-benefits-of-cash-and-cashless-transactions}
}

@article{catalini2021,
  title={CBDC and the evolution of money},
  author={Catalini, Christian and Massari, Alfonso},
  journal={MIT Digital Currency Initiative Working Paper},
  year={2021},
  url={https://dci.mit.edu/research/cbdc-and-the-evolution-of-money}
}

@article{menon2022,
  title={Digital Rupee: What we know so far about RBIâ€™s CBDC pilot},
  author={Menon, Shreya},
  journal={The Hindu BusinessLine},
  year={2022},
  url={https://www.thehindubusinessline.com/money-and-banking/digital-rupee-what-we-know-so-far-about-rbis-cbdc-pilot/article65967873.ece}
}

@article{bis2021,
  title={CBDCs and cross-border payments},
  author={Bank for International Settlements},
  journal={BIS Bulletin},
  number={3},
  year={2021},
  url={https://www.bis.org/publ/bisbull03.htm}
}
